<record><leader>00000cas a22000007a 4500</leader><controlfield tag="001">34539720</controlfield><controlfield tag="008">960410d19091922vaudr ne      0    0eng d</controlfield><datafield ind1=" " ind2=" " tag="010"><subfield code="a">sn 96096573 </subfield></datafield><datafield ind1=" " ind2=" " tag="040"><subfield code="a">NVK</subfield><subfield code="b">eng</subfield><subfield code="c">NVK</subfield><subfield code="d">OCLCQ</subfield><subfield code="d">OCLCF</subfield><subfield code="d">OCLCO</subfield></datafield><datafield ind1="1" ind2=" " tag="029"><subfield code="a">AU@</subfield><subfield code="b">000012367487</subfield></datafield><datafield ind1=" " ind2=" " tag="042"><subfield code="a">msc</subfield></datafield><datafield ind1=" " ind2=" " tag="043"><subfield code="a">n-us-va</subfield></datafield><datafield ind1="0" ind2="4" tag="245"><subfield code="a">The Southwest times and news-review.</subfield></datafield><datafield ind1=" " ind2=" " tag="260"><subfield code="a">Pulaski, Va. :</subfield><subfield code="b">Southwest Pub. Co.,</subfield><subfield code="c">-1922.</subfield></datafield><datafield ind1=" " ind2=" " tag="300"><subfield code="a">v.</subfield></datafield><datafield ind1=" " ind2=" " tag="310"><subfield code="a">Daily (except Sun.),</subfield><subfield code="b">Sept. 1, 1917-</subfield></datafield><datafield ind1=" " ind2=" " tag="321"><subfield code="a">Daily (except weekends and national holidays),</subfield><subfield code="b">&lt;Sept. 15, 1916&gt; - Aug. 31, 1917</subfield></datafield><datafield ind1="1" ind2=" " tag="362"><subfield code="a">Began in 1909.</subfield><subfield code="z">Cf. Cappon, L.J. Va. Newspapers.</subfield></datafield><datafield ind1="0" ind2=" " tag="362"><subfield code="a">-v. 17 no. 114 (July 5, 1922).</subfield></datafield><datafield ind1=" " ind2=" " tag="530"><subfield code="a">Available on microfilm from Bell &amp; Howell, Micro Photo Division.</subfield></datafield><datafield ind1=" " ind2=" " tag="588"><subfield code="a">Description based on: Vol. 7, no. 146 (Sept. 27, 1912).</subfield></datafield><datafield ind1=" " ind2="0" tag="651"><subfield code="a">Pulaski (Va.)</subfield><subfield code="v">Newspapers.</subfield></datafield><datafield ind1=" " ind2="7" tag="655"><subfield code="a">Newspapers.</subfield><subfield code="2">fast</subfield><subfield code="0">(OCoLC)fst01423814</subfield></datafield><datafield ind1=" " ind2="7" tag="651"><subfield code="a">Virginia</subfield><subfield code="z">Pulaski.</subfield><subfield code="2">fast</subfield><subfield code="0">(OCoLC)fst01222305</subfield></datafield><datafield ind1=" " ind2=" " tag="752"><subfield code="a">United States</subfield><subfield code="b">Virginia</subfield><subfield code="c">Pulaski</subfield><subfield code="d">Pulaski.</subfield></datafield><datafield ind1="0" ind2="4" tag="780"><subfield code="t">Southwest times (Pulaski, Va. : 1906)</subfield><subfield code="w">(DLC)sn 98068469</subfield></datafield><datafield ind1="0" ind2="4" tag="780"><subfield code="t">News-review (Pulaski, Va.)</subfield><subfield code="w">(DLC)sn 88061108</subfield></datafield><datafield ind1="0" ind2="0" tag="785"><subfield code="t">Southwest times (Pulaski, Va. : 1922)</subfield><subfield code="w">(DLC)sn 96096572</subfield><subfield code="w">(OCoLC)34539765</subfield></datafield></record>